@BOOK{foo:baz,
  author =       {Ann Expert},
  title =        {The book title},
  publisher =    {The Publisher Company},
  year =         {2020}
}

@ARTICLE{key:foo,
  author =       {John Doe},
  title =        {An unknown publication},
  journal =      {An anonymous journal},
  year =         {2020},
  volume =       {X},
  number =       {x},
  pages =        {007-999}
}
